<record><leader>00000cas a22000007a 4500</leader><controlfield tag="001">14088405</controlfield><controlfield tag="008">860814d19831990moumn ne      0   a0eng d</controlfield><datafield ind1=" " ind2=" " tag="010"><subfield code="a">sn 86002222 </subfield></datafield><datafield ind1=" " ind2=" " tag="040"><subfield code="a">NSD</subfield><subfield code="b">eng</subfield><subfield code="c">NSD</subfield><subfield code="d">MQN</subfield><subfield code="d">NSD</subfield><subfield code="d">OCLCQ</subfield></datafield><datafield ind1=" " ind2=" " tag="012"><subfield code="j">1</subfield><subfield code="l">1</subfield></datafield><datafield ind1="1" ind2=" " tag="022"><subfield code="a">0889-8634</subfield><subfield code="l">0889-8634</subfield><subfield code="2">1</subfield></datafield><datafield ind1=" " ind2=" " tag="042"><subfield code="a">nsdp</subfield></datafield><datafield ind1=" " ind2="0" tag="222"><subfield code="a">Springfield business journal</subfield><subfield code="b">(1983)</subfield></datafield><datafield ind1="0" ind2="0" tag="245"><subfield code="a">Springfield business journal.</subfield></datafield><datafield ind1=" " ind2=" " tag="260"><subfield code="a">Springfield, Mo. :</subfield><subfield code="b">D. Elizabeth</subfield></datafield><datafield ind1=" " ind2=" " tag="310"><subfield code="a">Weekly (except last week of the year)</subfield></datafield><datafield ind1="0" ind2=" " tag="362"><subfield code="a">Vol. 4, no. 5 (Sept. 5-11, 1983)-v. 10, no. 52 (July 10-22, 1990).</subfield></datafield><datafield ind1="0" ind2="0" tag="780"><subfield code="t">Top's executive journal</subfield><subfield code="x">0745-0087</subfield><subfield code="w">(DLC)sn 82006087</subfield></datafield><datafield ind1="0" ind2="0" tag="785"><subfield code="t">Greater Springfield business journal</subfield><subfield code="x">1058-1553</subfield><subfield code="w">(DLC)sn 91002233</subfield></datafield></record>